@article{koren2009matrix,
  title={Matrix factorization techniques for recommender systems},
  author={Koren, Yehuda and Bell, Robert and Volinsky, Chris},
  journal={Computer},
  volume={42},
  number={8},
  pages={30--37},
  year={2009},
  publisher={IEEE}
}

@inproceedings{he2017neural,
  title={Neural collaborative filtering},
  author={He, Xiangnan and Liao, Lizi and Zhang, Hanwang and Nie, Liqiang and Hu, Xia},
  booktitle={Proceedings of the 26th International Conference on World Wide Web},
  pages={173--182},
  year={2017}
}

@article{rendle2012bpr,
  title={BPR: Bayesian personalized ranking from implicit feedback},
  author={Rendle, Steffen and Freudenthaler, Christoph and Gantner, Zeno and Schmidt-Thieme, Lars},
  journal={arXiv preprint arXiv:1205.2618},
  year={2012}
}

@inproceedings{he2020lightgcn,
  title={LightGCN: Simplifying and Powering Graph Convolution Network for Recommendation},
  author={He, Xiangnan and Deng, Kuan and Wang, Xiang and Li, Yan and Zhang, Yongdong and Wang, Meng},
  booktitle={Proceedings of the 43rd International ACM SIGIR Conference on Research and Development in Information Retrieval},
  pages={639--648},
  year={2020},
  publisher={ACM}
}

@article{harper2015movielens,
  title={The MovieLens datasets: History and context},
  author={Harper, F. Maxwell and Konstan, Joseph A.},
  journal={ACM Transactions on Interactive Intelligent Systems (TiiS)},
  volume={5},
  number={4},
  pages={1--19},
  year={2015},
  publisher={ACM}
}

@article{kingma2014adam,
  title={Adam: A Method for Stochastic Optimization},
  author={Kingma, Diederik P. and Ba, Jimmy},
  journal={arXiv preprint arXiv:1412.6980},
  year={2014}
}
